@misc{gaskey19,
  author = {Gaskey, O.},
  title = {Extended Kalman Filter},
  year = {2019},
  publisher = {GitHub},
  journal = {GitHub repository},
  howpublished = {\url{https://github.com/OanaGaskey/Extended-Kalman-Filter}}
}

@misc{gordon20,
  author = {Gordon, N., Grimaldi, E., and Gupta, S.},
  title = {{EECE5644} Kalman Filters},
  year = {2020},
  publisher = {GitHub},
  journal = {GitHub repository},
  howpublished = {\url{https://github.com/gordonng123/EECE5644\_Kalman\_Filters}}
}